@inproceedings{yun:turning,
  title={Turning a Mobile Device into a Mouse in the Air},
  author={Sangki Yun and Yi-Chao Chen and Wenguang Mao and Lili Qiu},
  booktitle={MobiSys},
  year={2015}
}

@inproceedings{Mao:2016:HAM:2973750.2985617,
 author = {Mao, Wenguang and He, Jian and Zheng, Huihuang and Zhang, Zaiwei and Qiu, Lili},
 title = {High-precision Acoustic Motion Tracking: Demo},
 booktitle = {Proceedings of the 22Nd Annual International Conference on Mobile Computing and Networking},
 series = {MobiCom '16},
 year = {2016},
 isbn = {978-1-4503-4226-1},
 location = {New York City, New York},
 pages = {491--492},
 numpages = {2},
 url = {http://doi.acm.org/10.1145/2973750.2985617},
 doi = {10.1145/2973750.2985617},
 acmid = {2985617},
 publisher = {ACM},
 address = {New York, NY, USA},
 keywords = {FMCW, acoustic signals, doppler shift, tracking},
}

@inproceedings{Wang:2016:DGT:2973750.2973764,
 author = {Wang, Wei and Liu, Alex X. and Sun, Ke},
 title = {Device-free Gesture Tracking Using Acoustic Signals},
 booktitle = {Proceedings of the 22Nd Annual International Conference on Mobile Computing and Networking},
 series = {MobiCom '16},
 year = {2016},
 isbn = {978-1-4503-4226-1},
 location = {New York City, New York},
 pages = {82--94},
 numpages = {13},
 url = {http://doi.acm.org/10.1145/2973750.2973764},
 doi = {10.1145/2973750.2973764},
 acmid = {2973764},
 publisher = {ACM},
 address = {New York, NY, USA},
 keywords = {device-free, gesture tracking, ultrasound},
}

@inproceedings{Nandakumar:2016:FUA:2858036.2858580,
 author = {Nandakumar, Rajalakshmi and Iyer, Vikram and Tan, Desney and Gollakota, Shyamnath},
 title = {FingerIO: Using Active Sonar for Fine-Grained Finger Tracking},
 booktitle = {Proceedings of the 2016 CHI Conference on Human Factors in Computing Systems},
 series = {CHI '16},
 year = {2016},
 isbn = {978-1-4503-3362-7},
 location = {San Jose, California, USA},
 pages = {1515--1525},
 numpages = {11},
 url = {http://doi.acm.org/10.1145/2858036.2858580},
 doi = {10.1145/2858036.2858580},
 acmid = {2858580},
 publisher = {ACM},
 address = {New York, NY, USA},
 keywords = {active sonar, around device interaction, finger tracking, mobile sensing},
}

@inproceedings{Xiong:2013:AFI:2482626.2482635,
 author = {Xiong, Jie and Jamieson, Kyle},
 title = {ArrayTrack: A Fine-grained Indoor Location System},
 booktitle = {Proceedings of the 10th USENIX Conference on Networked Systems Design and Implementation},
 series = {nsdi'13},
 year = {2013},
 location = {Lombard, IL},
 pages = {71--84},
 numpages = {14},
 url = {http://dl.acm.org/citation.cfm?id=2482626.2482635},
 acmid = {2482635},
 publisher = {USENIX Association},
 address = {Berkeley, CA, USA},
}

@inproceedings{Vasisht:2014:RVT:2645884.2645889,
 author = {Vasisht, Deepak and Wang, Jue and Katabi, Dina},
 title = {RF-IDraw: Virtual Touch Screen in the Air Using RF Signals},
 booktitle = {Proceedings of the 6th Annual Workshop on Wireless of the Students, by the Students, for the Students},
 series = {S3 '14},
 year = {2014},
 isbn = {978-1-4503-3073-2},
 location = {Maui, Hawaii, USA},
 pages = {1--4},
 numpages = {4},
 url = {http://doi.acm.org/10.1145/2645884.2645889},
 doi = {10.1145/2645884.2645889},
 acmid = {2645889},
 publisher = {ACM},
 address = {New York, NY, USA},
 keywords = {wireless localization},
}

@inproceedings{Sun:2015:WEH:2789168.2790129,
 author = {Sun, Li and Sen, Souvik and Koutsonikolas, Dimitrios and Kim, Kyu-Han},
 title = {WiDraw: Enabling Hands-free Drawing in the Air on Commodity WiFi Devices},
 booktitle = {Proceedings of the 21st Annual International Conference on Mobile Computing and Networking},
 series = {MobiCom '15},
 year = {2015},
 isbn = {978-1-4503-3619-2},
 location = {Paris, France},
 pages = {77--89},
 numpages = {13},
 url = {http://doi.acm.org/10.1145/2789168.2790129},
 doi = {10.1145/2789168.2790129},
 acmid = {2790129},
 publisher = {ACM},
 address = {New York, NY, USA},
 keywords = {angle-of-arrival, channel state information, gesture recognition, motion tracking, wireless},
}

@inproceedings{Wei:2015:MHP:2789168.2790113,
 author = {Wei, Teng and Zhang, Xinyu},
 title = {mTrack: High-Precision Passive Tracking Using Millimeter Wave Radios},
 booktitle = {Proceedings of the 21st Annual International Conference on Mobile Computing and Networking},
 series = {MobiCom '15},
 year = {2015},
 isbn = {978-1-4503-3619-2},
 location = {Paris, France},
 pages = {117--129},
 numpages = {13},
 url = {http://doi.acm.org/10.1145/2789168.2790113},
 doi = {10.1145/2789168.2790113},
 acmid = {2790113},
 publisher = {ACM},
 address = {New York, NY, USA},
 keywords = {60 GHz, millimeter-wave, phase shift, tracking},
}

@inproceedings{Yang:2014:TRT:2639108.2639111,
 author = {Yang, Lei and Chen, Yekui and Li, Xiang-Yang and Xiao, Chaowei and Li, Mo and Liu, Yunhao},
 title = {Tagoram: Real-time Tracking of Mobile RFID Tags to High Precision Using COTS Devices},
 booktitle = {Proceedings of the 20th Annual International Conference on Mobile Computing and Networking},
 series = {MobiCom '14},
 year = {2014},
 isbn = {978-1-4503-2783-1},
 location = {Maui, Hawaii, USA},
 pages = {237--248},
 numpages = {12},
 url = {http://doi.acm.org/10.1145/2639108.2639111},
 doi = {10.1145/2639108.2639111},
 acmid = {2639111},
 publisher = {ACM},
 address = {New York, NY, USA},
 keywords = {dah, localization, rfid, tagoram, tracking},
}

@inproceedings{Li:2012:RAI:2370216.2370280,
 author = {Li, Fan and Zhao, Chunshui and Ding, Guanzhong and Gong, Jian and Liu, Chenxing and Zhao, Feng},
 title = {A Reliable and Accurate Indoor Localization Method Using Phone Inertial Sensors},
 booktitle = {Proceedings of the 2012 ACM Conference on Ubiquitous Computing},
 series = {UbiComp '12},
 year = {2012},
 isbn = {978-1-4503-1224-0},
 location = {Pittsburgh, Pennsylvania},
 pages = {421--430},
 numpages = {10},
 url = {http://doi.acm.org/10.1145/2370216.2370280},
 doi = {10.1145/2370216.2370280},
 acmid = {2370280},
 publisher = {ACM},
 address = {New York, NY, USA},
 keywords = {indoor localization, inertial tracking, pedestrian model},
}

@inproceedings{Rai:2012:ZZC:2348543.2348580,
 author = {Rai, Anshul and Chintalapudi, Krishna Kant and Padmanabhan, Venkata N. and Sen, Rijurekha},
 title = {Zee: Zero-effort Crowdsourcing for Indoor Localization},
 booktitle = {Proceedings of the 18th Annual International Conference on Mobile Computing and Networking},
 series = {Mobicom '12},
 year = {2012},
 isbn = {978-1-4503-1159-5},
 location = {Istanbul, Turkey},
 pages = {293--304},
 numpages = {12},
 url = {http://doi.acm.org/10.1145/2348543.2348580},
 doi = {10.1145/2348543.2348580},
 acmid = {2348580},
 publisher = {ACM},
 address = {New York, NY, USA},
 keywords = {calibration free, indoor, localization, particle filter, wifi},
}

@misc{SignalFilter,
  author = {Raphaël de Courville},
  title = {Signal Filter (beta)},
  year = 2015,
  howpublished = {https://github.com/SableRaf/signalfilter},
}

@misc{FFT,
  author = {Pär Nils Amsen},
  title = {Noise},
  year = 2017,
  howpublished = {https://github.com/paramsen/noise},
}




